@article{Andrews,
author = "M.T. Andrews and C.R. Bates and E.A. McKigney and C.J. Solomon, A. Sood", 
title = "Organic scintillator detector response simulations with {DRiFT}",
journal = "Nuclear Instruments and Methods in Physics Research A",
volume = "830",
year = "2016",
pages = "466-472",
note = "",
issn = "",
doi = "",
url = "http://dx.doi.org/10.1016/j.nima.2016.06.011",
}

@article{Baramsai,
author = "Baramsai, B. and Jandel, M. and Bredeweg, T.A. and Couture, A. and Mosby, S. and Rusev, G. and Ullmann, J.L. and Walker, C.L.", 
title = "Characterization and Testing of {EJ-309} and Stilbene Scintillation Detectors",
journal = "Hard X-Ray, Gamma-Ray, and Neutron Detector Physics XVII",
volume = "9593",
pages = "1-8",
year = "2015",
doi = "10.1117/12.2192436",
url = "http://proceedings.spiedigitallibrary.org/"
}

@article{Hansen,
author = "W. Hansen and D. Ritcher", 
title = "Determination of light output function and angle dependent correction for a stilbene crystal scintillation neutron spectrometer",
journal = "Nuclear Instruments and Methods in Physics Research A",
volume = "476",
pages = "195-199",
year = "2002"
}

@article{Jandel,
author = "Jandel, M. and Baramsai, B. and E. Bond and Rusev, G. and Walker, C.L. and Bredeweg, T.A.  and M.B. Chadwick and Couture, A. and M.M. Fowler and A. Hayes and T. Kawano and Mosby, S. and I. Stetcu and T.N. Taddeucci and P. Talou and J.L. Ulmann and D.J. Vieira and J.B. Wilhelmy", 
title = "Capture and fission with {DANCE} and {NEUANCE}",
journal = "The European Physical Journal A",
volume = "51: 179",
year = "2015",
pages = "1-9",
note = "",
issn = "",
doi = "",
url = "",
}

@article{Kim,
author = "C. Kim and Y. Kim and M. Moon and G. Cho", 
title = "Iterative {Monte Carlo} simulation with the {Compton} kinematics-based {GEB} in a plastic scintillation detector",
journal = "Nuclear Instruments and Methods in Physics Research A",
volume = "795",
pages = "298-304",
year = "2015",
url = "http://dx.doi.org/10.1016/j.nima.2015.06.007"
}

@article{Rising,
author = "M.E. Rising", 
title = "Correlated Fission Multiplicity Model Verification Efforts in {MCNP6}",
journal = "Los Alamos National Laboratory",
volume = "MS B283",
year = ""
}

@article{Salgado,
author = "C.M. Salgado and L.E.B. Brandao and R. Schirru and C.M.N.A. Pereira and C.C. Conti", 
title = "Validation of a {NaI(Tl)} detector's model developed with {MCNP-X} code",
journal = "Progress in Nuclear Energy",
volume = "59",
pages = "19-25",
year = "2012"
}
