@article{chirayath2015trace,
title={Trace Fission Product Ratios for Nuclear Forensics Attribution of Weapons-Grade Plutonium from Fast and Thermal Reactors},
author={Chirayath, Sunil S and Osborn, Jeremy M and Coles, Taylor M},
journal={Science \& Global Security},
volume={23},
number={1},
pages={48--67},
year={2015},
publisher={Taylor \& Francis}
}
@phdthesis{scott2005nuclear,
title={Nuclear forensics: attributing the source of spent fuel used in an RDD event},
author={Scott, Mark Robert},
year={2005},
school={Texas A\&M University}
}
@article{glaser2009isotopic,
title={Isotopic signatures of weapon-grade plutonium from dedicated natural uranium-fueled production reactors and their relevance for nuclear forensic analysis},
author={Glaser, Alexander},
journal={Nuclear Science and Engineering},
volume={163},
number={1},
pages={26--33},
year={2009},
publisher={American Nuclear Society}
}
@book{stoller1961reactor,
title={Reactor handbook. 2. Fuel reprocessing},
author={Stoller, Sidney M and Zinn, Walter Henry and MacLain, Stuart and Atomic Energy Commission USA},
year={1961},
publisher={Interscience Publ.}
}
@article{benedict1982nuclear,
title={Nuclear chemical engineering},
author={Benedict, M and Levi, H and Pigford, T},
journal={Nucl. Sci. Eng.;(United States)},
volume={82},
number={4},
year={1982},
publisher={McGraw-Hill Book Company, New York}
}
@book{kok2009nuclear,
title={Nuclear engineering handbook},
author={Kok, Kenneth D},
volume={60},
year={2009},
publisher={CRC Press}
}
@article{konings2006chemistry,
title={The Chemistry of the Actinide and Transactinide Elements},
author={Konings, RJM and Morss, LR and Fuger, J and Morss, LR and Edelstein, NM and Fuger, J},
journal={Springer, Dordrecht},
volume={4},
pages={2113--224},
year={2006}
}
@phdthesis{swinney2015experimental,
title={Experimental and Computational Assessment of Trace Nuclide Ratios in Weapons Grade Plutonium for Nuclear Forensics Analysis},
author={Swinney, Mathew Wayne},
year={2015}
}
@book{RN103,
   title = {Nuclear Forensics: A Capability at Risk (Abbreviated Version)},
   publisher = {The National Academies Press},
   address = {Washington, DC},
   pages = {31},
   url = {http://www.nap.edu/catalog/12966/nuclear-forensics-a-capability-at-risk-abbreviated-version},
   year = {2010},
   type = {Book}
}
@article{RN212,
   author = {Eisenhower, Dwight D},
   title = {Atoms for Peace speech},
   journal = {Voices of Democracy},
   year = {1953},
   type = {Journal Article}
}
@techreport{RN98,
   author = {AAAS/APS},
   title = {Nuclear Forensics: Role, State of the Art and Program Needs},
   institution = {AAAS/APS},
   year = {2008},
   type = {Report}
}

@book{RN113,
   author = {Moody, Kenton J and Hutcheon, Ian D and Grant, Patrick M},
   title = {Nuclear forensic analysis},
   publisher = {CRC Press},
   ISBN = {1439880611},
   year = {2014},
   type = {Book}
}

@article{RN176,
   author = {Chirayath, Sunil S. and Osborn, Jeremy M. and Coles, Taylor M.},
   title = {Trace Fission Product Ratios for Nuclear Forensics Attribution of Weapons-Grade Plutonium from Fast and Thermal Reactors},
   journal = {Science and Global Security},
   volume = {23},
   number = {1},
   pages = {48-67},
   ISSN = {08929882},
   year = {2015},
   type = {Journal Article}
}

@article{RN114,
   author = {Charlton, William S and Fearey, Bryan L and Nakhleh, Charles W and Parish, Theodore A and Perry, Robert T and Poths, Jane and Quagliano, John R and Stanbro, William D and Wilson, William B},
   title = {Operator declaration verification technique for spent fuel at reprocessing facilities},
   journal = {Nuclear Instruments and Methods in Physics Research Section B: Beam Interactions with Materials and Atoms},
   volume = {168},
   number = {1},
   pages = {98-108},
   ISSN = {0168-583X},
   year = {2000},
   type = {Journal Article}
}

